<?xml version="1.0" encoding="UTF-8"?>
<OAI-PMH xmlns="http://www.openarchives.org/OAI/2.0/" xmlns:xsi="http://www.w3.org/2001/XMLSchema-instance" xsi:schemaLocation="http://www.openarchives.org/OAI/2.0/ http://www.openarchives.org/OAI/2.0/OAI-PMH.xsd">
  <ListRecords>
    <record>
      <header>
        <identifier>aleph-publish:019056738</identifier>
      </header>
      <metadata>
        <record xmlns="http://www.ddb.de/professionell/mabxml/mabxml-1.xsd">
          <leader>------M2.01200024------h</leader>
          <controlfield tag="LDR">------M2.01200024------h</controlfield>
          <controlfield tag="FMT">MH</controlfield>
          <datafield tag="001" ind1="-" ind2="1">
            <subfield code="a">HT017150239</subfield>
          </datafield>
          <datafield tag="002" ind1="a" ind2="1">
            <subfield code="a">20120228</subfield>
          </datafield>
          <datafield tag="003" ind1="-" ind2="1">
            <subfield code="a">20120229</subfield>
          </datafield>
          <datafield tag="026" ind1="-" ind2="1">
            <subfield code="a">HBZHT017150239</subfield>
          </datafield>
          <controlfield tag="030">a|1uc||||||17</controlfield>
          <datafield tag="036" ind1="a" ind2="1">
            <subfield code="a">XA-DE</subfield>
          </datafield>
          <datafield tag="037" ind1="b" ind2="1">
            <subfield code="a">ger</subfield>
          </datafield>
          <controlfield tag="050">a|||||||||||||</controlfield>
          <controlfield tag="051">at||||||</controlfield>
          <datafield tag="070" ind1="-" ind2="1">
            <subfield code="a">6</subfield>
          </datafield>
          <datafield tag="070" ind1="b" ind2="1">
            <subfield code="a">6</subfield>
          </datafield>
          <datafield tag="078" ind1="n" ind2="1">
            <subfield code="a">NWBib-6</subfield>
          </datafield>
          <datafield tag="080" ind1="-" ind2="1">
            <subfield code="a">60</subfield>
          </datafield>
          <datafield tag="100" ind1="-" ind2="1">
            <subfield code="p">Borgmann, Richard</subfield>
          </datafield>
          <datafield tag="331" ind1="-" ind2="1">
            <subfield code="a">Situationsbericht Fachbereich Praktische Denkmalpflege</subfield>
          </datafield>
          <datafield tag="359" ind1="-" ind2="1">
            <subfield code="a">Borgmann, Richard</subfield>
          </datafield>
          <datafield tag="425" ind1="a" ind2="1">
            <subfield code="a">2012</subfield>
          </datafield>
          <datafield tag="590" ind1="-" ind2="1">
            <subfield code="a">Westfalen</subfield>
          </datafield>
          <datafield tag="594" ind1="-" ind2="1">
            <subfield code="a">M端nster</subfield>
          </datafield>
          <datafield tag="596" ind1="-" ind2="1">
            <subfield code="a">88. 2010 (2012), S. 175-179</subfield>
          </datafield>
          <datafield tag="599" ind1="-" ind2="1">
            <subfield code="a">HT001374559</subfield>
          </datafield>
          <datafield tag="700" ind1="n" ind2="1">
            <subfield code="a">Westfalen</subfield>
            <subfield code="0">https://nwbib.de/spatial#N04</subfield>
          </datafield>
          <datafield tag="700" ind1="n" ind2="1">
            <subfield code="a">M端nster</subfield>
            <subfield code="0">https://nwbib.de/spatial#Q2742</subfield>
          </datafield>
          <datafield tag="700" ind1="n" ind2="1">
            <subfield code="a">Denkmalpflege. Denkmalschutz</subfield>
            <subfield code="0">https://nwbib.de/subjects#N844200</subfield>
          </datafield>
          <datafield tag="902" ind1="-" ind2="1">
            <subfield code="k">Landschaftsverband Westfalen-Lippe</subfield>
            <subfield code="b">Amt f端r Denkmalpflege in Westfalen</subfield>
            <subfield code="b">Fachbereich Praktische Denkmalpflege und Baukultur</subfield>
            <subfield code="9">(DE-588)7856688-5</subfield>
          </datafield>
          <controlfield tag="SYS">019056738</controlfield>
          <datafield tag="952" ind1="-" ind2="1">
            <subfield code="k">Landschaftsverband Westfalen-Lippe</subfield>
            <subfield code="b">Amt f端r Denkmalpflege in Westfalen</subfield>
            <subfield code="b">Fachbereich Praktische Denkmalpflege</subfield>
          </datafield>
        </record>
      </metadata>
    </record>
  </ListRecords>
</OAI-PMH>
